@article{ITensor,
    author        = {Fishman, Matthew and White, Steven R. and Stoudenmire, E. Miles},
    title         = {The {ITensor} Software Library for Tensor Network Calculations},
    eprint        = {2007.14822},
    archiveprefix = {arXiv},
    primaryclass  = {cs.MS},
    doi           = {10.21468/SciPostPhysCodeb.4},
    journal       = {SciPost Phys. Codeb.},
    pages         = {4},
    year          = {2022}
}

@book{Rychkov2016CFT,
    author        = {Rychkov, Slava},
    title         = {{EPFL} Lectures on Conformal Field Theory in ${D}\ge 3$ Dimensions},
    eprint        = {1601.05000},
    archiveprefix = {arXiv},
    primaryclass  = {hep-th},
    reportnumber  = {CERN-TH-2016-012},
    doi           = {10.1007/978-3-319-43626-5},
    isbn          = {978-3-319-43625-8, 978-3-319-43626-5},
    publisher     = {Springer},
    series        = {Briefs in Physics},
    month         = {1},
    year          = {2016}
}

@inproceedings{SimmonsDuffin2016CFT,
    author        = {Simmons-Duffin, David},
    title         = {The Conformal Bootstrap},
    booktitle     = {Theoretical Advanced Study Institute in Elementary Particle Physics: New Frontiers in Fields and Strings},
    eprint        = {1602.07982},
    archiveprefix = {arXiv},
    primaryclass  = {hep-th},
    doi           = {10.1142/9789813149441_0001},
    pages         = {1--74},
    year          = {2017}
}

@article{Poland2018Bootstrap,
    author        = {Poland, David and Rychkov, Slava and Vichi, Alessandro},
    title         = {The Conformal Bootstrap: Theory, Numerical Techniques, and Applications},
    eprint        = {1805.04405},
    archiveprefix = {arXiv},
    primaryclass  = {hep-th},
    doi           = {10.1103/RevModPhys.91.015002},
    journal       = {Rev. Mod. Phys.},
    volume        = {91},
    pages         = {015002},
    year          = {2019}
}

@article{Rychkov2023Bootstrap,
    author        = {Rychkov, Slava and Su, Ning},
    title         = {New developments in the numerical conformal bootstrap},
    eprint        = {2311.15844},
    archiveprefix = {arXiv},
    primaryclass  = {hep-th},
    doi           = {10.1103/RevModPhys.96.045004},
    journal       = {Rev. Mod. Phys.},
    volume        = {96},
    number        = {4},
    pages         = {045004},
    year          = {2024}
}

@book{DiFrancesco1997CFT,
    author    = {Di Francesco, Philippe and Mathieu, Pierre and S\'en\'echal, David},
    title     = {Conformal field theory},
    publisher = {Springer},
    address   = {New York, NY},
    series    = {Graduate texts in contemporary physics},
    year      = {1997},
    url       = {https://cds.cern.ch/record/639405},
    doi       = {10.1007/978-1-4612-2256-9}
}

@inproceedings{Ginsparg1988CFT,
    author        = {Ginsparg, Paul H.},
    title         = {Applied conformal field theory},
    booktitle     = {Les Houches Summer School in Theoretical Physics: Fields, Strings, Critical Phenomena},
    eprint        = {hep-th/9108028},
    archiveprefix = {arXiv},
    reportnumber  = {HUTP-88-A054},
    month         = {9},
    year          = {1988}
}


@article{Maldacena1998AdSCFT,
    author  = {Maldacena, Juan Martin},
    title   = {The Large-${N}$ limit of superconformal field theories and supergravity},
    journal = {Adv. Theor. Math. Phys.},
    volume  = {2},
    pages   = {231--252},
    year    = {1998}
}

@article{Polyakov1970Conformal,
    title   = {Conformal symmetry of critical fluctuations},
    author  = {Polyakov, Alexander M},
    journal = {JETP Lett.},
    volume  = {12},
    pages   = {381--383},
    year    = {1970}
}

@book{Cardy1996Scaling,
    place     = {Cambridge},
    series    = {Cambridge Lecture Notes in Physics},
    title     = {Scaling and Renormalization in Statistical Physics},
    publisher = {Cambridge University Press},
    author    = {Cardy, John L},
    year      = {1996}
}

@article{Zamolodchikov1986Irreversibility,
    title   = {Irreversibility of the Flux of the Renormalization Group in a {2D} Field Theory},
    author  = {Zamolodchikov, Alexander B},
    journal = {JETP Lett.},
    volume  = {43},
    number  = {12},
    pages   = {730--732},
    year    = {1986}
}

@article{Belavin1984BPZ,
    title   = {Infinite conformal symmetry in two-dimensional quantum field theory},
    author  = {A. A. Belavin and A. M. Polyakov and A. B. Zamolodchikov},
    journal = {Nucl. Phys. B},
    volume  = {241},
    pages   = {333-380},
    year    = {1984},
    doi     = {https://doi.org/10.1016/0550-3213(84)90052-X}
}

@article{Iliesiu2015Bootstrap,
    author = "Iliesiu, Luca and Kos, Filip and Poland, David and Pufu, Silviu S. and Simmons-Duffin, David and Yacoby, Ran",
    title = "Bootstrapping 3D Fermions",
    eprint = "1508.00012",
    archivePrefix = "arXiv",
    primaryClass = "hep-th",
    reportNumber = "PUPT-2480",
    doi = "10.1007/JHEP03(2016)120",
    journal = "JHEP",
    volume = "03",
    pages = "120",
    year = "2016"
}
